@Article{Horanont2013,
  author 	=	"Horanont, Teerayunt",
  title		=	"Weather Effects on the Patterns of People's Everyday Activities: A Study Using GPS Traces of Mobile Phone Users",
  OPTjournal 	=	"",
  OPTarticleno	=	"",
  numpages	=	"10",
  OPTvolume 	=	"",
  OPTnumber 	= 	"",
  month 	=	"jun",
  OPTyear 		=	"",
  doi 		=	"PMCID: PMC3867318",
  url 		=	"https://www.ncbi.nlm.nih.gov/pmc/articles/PMC3867318/",
  OPTacmid		=	"",
  OPTnote 		= 	"",
}

@online{Pearson2017,
  author =       "Pearson, Mark",
  year =         "2017",
  title =        "How Far Are People on Average from Their Nearest Decent-Sized Airport?",
  url =           "http://www.mark-pearson.com/airport-distances/",
  OPTmonth = 	 "",
  lastaccessed = "December 1st, 2017",
}

@online{WundergroundDeerRidge2017,
  author =       "Gasiewicz, Robert",
  year =         "2017",
  title =        "Deer Ridge KCABRENT56",
  url =           "https://www.wunderground.com/personal-weather-station/dashboard?ID=KCABRENT56",
  OPTmonth = 	 "",
  lastaccessed = "November 21st, 2017",
}

@online{NWS2017,
  author = "NOAA",
  year = "2017",
  title = "Brentwood, CA Weather Forecast",
  url = "https://weather.com/weather/today/l/USCA0128:1:US",
  OPTmonth = "",
  lastaccessed = "November 28th, 2017",
}

@online{Netatmo2017,
  OPTauthor =       "",
  year =         "2017",
  title =        "Netatmo Personal Weather Stations",
  url =           "https://www.netatmo.com/en-US/product/weather/",
  OPTmonth = 	 "",
  lastaccessed = "December 1st, 2017",
}

@online{Tesla2017,
  OPTauthor =       "",
  year =         "2017",
  title =        "Tesla Solar Panel FAQs",
  url =           "https://www.tesla.com/support/solar/solar-panels-faqs",
  OPTmonth = 	 "",
  lastaccessed = "November 30th, 2017",
}

@online{NEST2017,
  author =       "NEST Official Twitter Account",
  year =         "2017",
  title =        "NEST on Twitter",
  url =           "https://twitter.com/nest/status/222434981576843266",
  OPTmonth = 	 "",
  lastaccessed = "December 3rd, 2017",
}

@online{NESTReddit2017,
  author =       "Anonymous Reddit User",
  year =         "2017",
  title =        "Weather source change?",
  url =           "https://www.reddit.com/r/Nest/comments/4q34l4/weather_source_change/",
  OPTmonth = 	 "",
  lastaccessed = "December 3rd, 2017",
}

@online{PiFoundationHack2017,
  OPTauthor =       "",
  year =         "2016",
  title =        "Accurate temperature reading from Raspberry PI Sense HAT",
  url =           "http://yaab-arduino.blogspot.co.uk/2016/08/accurate-temperature-reading-sensehat.html",
  OPTmonth = 	 "",
  lastaccessed = "November 20th, 2017",
}

@online{WundergroundPython2017,
  author =       "Weather Underground",
  year =         "2017",
  title =        "Personal Weather Station Hardware and Software",
  url =           "https://www.wunderground.com/weatherstation/hardwareandsoftware.asp",
  OPTmonth = 	 "",
  lastaccessed = "November 19th, 2017",
}

@online{WundergroundOverview2017,
  author =       "Weather Underground",
  year =         "2017",
  title =        "Personal Weather Station Network",
  url =           "https://www.wunderground.com/weatherstation/overview.asp",
  OPTmonth = 	 "",
  lastaccessed = "November 19th, 2017",
}
