@Article{Ramkey01,
  author 	=	"Ramkey, John",
  title		=	"Toast of the IoT: The 1990 Interop Internet Toaster",
  journal 	=	"IEEE",
  articleno	=	"1",
  numpages	=	"3",
  volume 	=	"6",
  number 	= 	"",
  month 	=	"dec",
  year 		=	"2016",
  doi 		=	"10.1109/MCE.2016.2614740",
  url 		=	"http://ieeexplore.ieee.org/document/7786805/?part=1",
  acmid		=	"",
  note 		= 	"",
}

@Article{Ashton01,
  author 	=	"Ashton, Kevin",
  title		=	"That 'Internet of Things' Thing",
  journal 	=	"RFID Journal",
  articleno	=	"",
  numpages	=	"1",
  volume 	=	"",
  number 	= 	"",
  month 	=	"jun",
  year 		=	"2009",
  doi 		=	"",
  url 		=	"http://www.rfidjournal.com/articles/view?4986",
  acmid		=	"",
  note 		= 	"",
}

@online{Gartner2017,
  author =       "Gartner, Inc.",
  year =         "2017",
  title =        "Technologies Underpin the Hype Cycle for the Internet of Things, 2016",
  url =           "https://www.gartner.com/smarterwithgartner/7-technologies-underpin-the-hype-cycle-for-the-internet-of-things-2016/",
  month = 	 "",
  lastaccessed = "October 30th, 2017",
}

@online{Deseret1999,
  author =       "Stroh, Michael",
  year =         "1999",
  title =        "Network systems allow us to live more like the Jetsons",
  url =           "https://news.google.com/newspapers?nid=336&dat=19990116&id=lu8jAAAAIBAJ&sjid=iewDAAAAIBAJ&pg=3607,488766&hl=en",
  month = 	 "",
  lastaccessed = "October 30th, 2017",
}

@online{PocketLint2016,
  author = "Miles, Stuart",
  year = "2016",
  title = "Samsung Family Hub Refrigerator comes with giant 21.5-inch screen and camera to spy on your food",
  url = "http://www.pocket-lint.com/news/136305-samsung-family-hub-refrigerator-comes-with-giant-21-5-inch-screen-and-camera-to-spy-on-your-food",
  month = "",
  lastaccessed = "October 30th, 2017",
}

@online{PocketLint2017,
  author =       "Henderson, Rik",
  year =         "2017",
  title =        "Samsung Family Hub 2.0 refrigerator preview: Spotify and sausages",
  url =           "http://www.pocket-lint.com/review/139892-samsung-family-hub-2-0-refrigerator-preview-spotify-and-sausages",
  month = 	 "",
  lastaccessed = "October 30th, 2017",
}

@online{SFGate2017,
  author =       "",
  year =         "2017",
  title =        "The Expected Life of a Refrigerator",
  url =           "http://homeguides.sfgate.com/expected-life-refrigerator-88577.html",
  month = 	 "",
  lastaccessed = "October 30th, 2017",
}

@online{Innit2017,
  author =       "",
  year =         "2017",
  title =        "Innit",
  url =           "http://www.innit.com",
  month = 	 "",
  lastaccessed = "October 30th, 2017",
}

@online{CNBC2017,
  author =       "Nambiar, Rohini",
  year =         "2016",
  title =        "Smart kitchens are a new phase in the Internet of Things, as Innit explains",
  url =           "https://www.cnbc.com/2016/07/26/smart-kitchens-are-a-new-phase-in-the-internet-of-things-as-innit-explains.html",
  month = 	 "",
  lastaccessed = "October 30th, 2017",
}

@online{FAO2017,
  author =       "",
  year =         "2017",
  title =        "Food and Agriculture Organization of the United Nations: Food Loss and Food Waste",
  url =           "http://www.fao.org/food-loss-and-food-waste/en/",
  month = 	 "",
  lastaccessed = "October 30th, 2017",
}

@online{Bhartiya2017,
  author =       "Bhartiya, Swapnil",
  year =         "2017",
  title =        "Your smart fridge may kill you: The dark side of IoT",
  url =           "https://www.infoworld.com/article/3176673/internet-of-things/your-smart-fridge-may-kill-you-the-dark-side-of-iot.html",
  month = 	 "",
  lastaccessed = "October 30th, 2017",
}

@online{Cisco2017,
  author =       "",
  year =         "2017",
  title =        "Cisco and Google Cloud",
  url =           "https://www.cisco.com/c/en/us/solutions/strategic-partners/google-cloud.html",
  month = 	 "",
  lastaccessed = "October 30th, 2017",
}
