@InBook{Editor00,
  author = 	 "Herschel, William J.",
  editor =       "",
  title =        "The Origin of Finger-printing",
  subtitle =     "",
  series =       "",
  year =         "1916",
  address =      "",
  edition =      "",
  publisher =    "Oxford University Press",
  doi = 	 "",
  url = 	 "",
  volume = 	 "",
  chapter = 	 "",
  pages = 	 "",
  number = 	 "ISBN 978-1-104-66225-7",
  type = 	 "",
  month = 	 "",
  note = 	 "",
}

%
@Inbook{Editor00a,
  author = 	 "Faulds, Henry",
  editor =       "",
  title =        "On the skin-furrows of the hand",
  subtitle =     "",
  series =       "The name of the series one",
  year =         "1880",
  volume = 	 "",
  address =      "",
  edition =      "",
  publisher =    "",
  doi = 	 "10.1038/022605a0",
  url = 	 "http://www.galton.org/fingerprints/faulds-1880-nature-furrows.pdf",
  chapter = 	 "",
  pages = 	 "",
  number = 	 "",
  type = 	 "",
  month = 	 "",
  note = 	 "",
}

%
@Inbook{Editor00b,
  author = 	 "",
  editor =       "U.S. Marshals Service Website",
  title =        "Fingerprint History",
  subtitle =     "",
  series =       "",
  year =         "October 3rd, 2017",
  volume = 	 "",
  address =      "",
  edition =      "",
  publisher =    "",
  doi = 	 "",
  url = 	 "https://www.usmarshals.gov/usmsforkids/fingerprint_history.htm",
  chapter = 	 "",
  pages = 	 "",
  number = 	 "",
  type = 	 "",
  month = 	 "",
  note = 	 "",
}

%
@Inbook{Editor00c,
  author = 	 "",
  editor =       "U.S. Marshals Service Website",
  title =        "Fingerprint History",
  subtitle =     "",
  series =       "",
  year =         "October 3rd, 2017",
  volume = 	 "",
  address =      "",
  edition =      "",
  publisher =    "",
  doi = 	 "",
  url = 	 "https://www.usmarshals.gov/usmsforkids/fingerprint_history.htm",
  chapter = 	 "",
  pages = 	 "",
  number = 	 "",
  type = 	 "",
  month = 	 "",
  note = 	 "",
}

%
@Inbook{Editor00d,
  author = 	 "Simon A. Cole",
  editor =       "",
  title =        "Suspect Identities: A History of Fingerprinting and Criminal Identification",
  subtitle =     "",
  series =       "",
  year =         "2002",
  volume = 	 "",
  address =      "",
  edition =      "",
  publisher =    "Academic Trade",
  doi = 	 "",
  url = 	 ",
  chapter = 	 "",
  pages = 	 "",
  number = 	 "",
  type = 	 "",
  month = 	 "",
  note = 	 "",
}
